@online{impact,
    author = "TooGoodTooGo GmbH",
    title = "Annual Impact Report TooGoodToGo GmbH",
    url  = "https://tgtg-mkt-cms-prod.s3.eu-west-1.amazonaws.com/40102/ImpactReport2022_DE.pdf",
    addendum = "(accessed: 24th Oct 2023)",
}
@online{waste,
    author = "Food and Agriculture Organization of the United Nations",
    title = "Global Food Losses and Food Waste",
    url  = "https://www.fao.org/3/mb060e/mb060e00.pdf",
    addendum = "(accessed: 24th Oct 2023)",
}
@online{holdingreport,
    author = "TooGoodTooGo Holding APS",
    title = "Annual Impact Report TooGoodToGo GmbH",
    url  = "https://regnskaber.cvrapi.dk/xhtml/99653573/amNsb3VkczovLzAzL2M2L2U2L2EyL2YyL2RhMjEtNDVhOS05YzVmLTk1MzM0MzMxOWM4YQ.pdf",
    addendum = "(accessed: 24th Oct 2023)",
}
@online{kanunuswitzerland,
    author = "kanunu.com",
    title = "TooGoodToGo Switzerland",
    url  = "https://www.kununu.com/ch/toogoodtogo",
    addendum = "(accessed: 24th Oct 2023)",
}
@online{kanunuaustria,
    author = "kanunu.com",
    title = "Annual Impact Report TooGoodToGo GmbH",
    url  = "https://www.kununu.com/at/too-good-to-go-oesterreich1",
    addendum = "(accessed: 24th Oct 2023)",
}
@online{kanunugermany,
    author = "kanunu.com",
    title = "Annual Impact Report TooGoodToGo GmbH",
    url  = "https://www.kununu.com/de/too-good-to-go3",
    addendum = "(accessed: 24th Oct 2023)",
}
@online{kanunuus,
    author = "kanunu.com",
    title = "Annual Impact Report TooGoodToGo GmbH",
    url  = "https://www.glassdoor.com/Reviews/Too-Good-To-Go-Reviews-E2402025.htm",
    addendum = "(accessed: 24th Oct 2023)",
}
@online{reduce,
    author = "Too Good To Go",
    title = "Reducing food waste",
    url  = "https://time.com/collection/time100-companies-2022/6159510/too-good-to-go",
    addendum = "(accessed: 24th Oct 2023)",
}
@online{blab,
    author = "B Lab Global",
    title = "B Corp Certification Guide for Large Enterprises",
    url  = "https://assets.ctfassets.net/l575jm7617lt/2Q8x6Q7QoOWnoVDgVUuu2R/3245b5d64cdb0a8f940eed043020115f/Certification_Guide_-_Large_Enterprise_14_Sept_2022__1_.pdf",
    addendum = "(accessed: 24th Oct 2023)",
}
@online{orbis,
    author = "Orbis Database",
    title = "Too Good To Go Holding APS Company Profile. Orbis ID: 300672198",
    url  = "https://orbis-r1.bvdinfo.com/",
    addendum = "(accessed: 24th Oct 2023)",
}
@online{unep,
    author = "unep.org",
    title = "New ‘123 Pledge’ set to mobilize global action on food loss and waste as key climate strategy",
    url  = "https://www.unep.org/technical-highlight/new-123-pledge-set-mobilize-global-action-food-loss-and-waste-key-climate",
    addendum = "(accessed: 24th Oct 2023)",
}
@online{milestones,
    author = "TooGoodTooGo GmbH",
    title = "Too Good To Go Announces New Global Milestone: 200 Million Meals Saved. Press Release",
    url  = "https://www.toogoodtogo.com/en-gb/press/200-million",
    addendum = "(accessed: 24th Oct 2023)",
}
@article{fraccascia,
    author = "Fraccascia L, Nastasi A",
    title = "Mobile apps against food waste: Are consumers willing to use them? A survey research on Italian consumers. Resources, Conservation \& Recycling Advances",
		year = {2023},
		volume = {18},
		pages = {200150},
}
@online{vo-thann,
    author = "Vo-Thann T",
    title = "How a mobile app can become a catalyst for sustainable social business: The case of Too Good To Go. Technological Forecasting \& Social Change",
		year = {2021},
		volume = {171},
		pages = {120962},
}
